% This file was created with JabRef 2.9b2.
% Encoding: UTF-8

@MISC{Rieger_doppler-freesaturation,
    author = {Thomas Rieger and Thomas Volz},
    title = {Doppler-Free Saturation Spectroscopy}
}


@PHDTHESIS{phd_mahalov,
    author = {Махалов, В. Б.},
    title = {Приготовление и диагностика двумерного ферми-газа атомов},
    school   = {ИПФ РАН},
    year = {2014},
    language = {russian}
}


@MISC{gold,
    author = {Adra Victoria Carr},
    title = {Hyperfine Studies of Lithium Vapor using Saturated Absorption Spectroscopy},
    year = {2007}
}


@inbook{demtreder,
  title={Laser Spectroscopy},
  edition={3},
  author={Wolfgang Demtröder},
  year={2003},
  publisher={Springer},
  chapter={9, 10}
}


@inproceedings{cross_beams,
  title={Saturated Absorption Spectroscopy of Molecular Iodine for Laser Locking},
  author={Tony Metger and C. Fischer},
  year={2017}
}